<?xml version="1.0" encoding="UTF-8"?><collection><record><leader>07896ntm a2200637 a 4500</leader><controlfield tag="001">005220672</controlfield><controlfield tag="003">MiAaHDL</controlfield><controlfield tag="005">20190719000000.0</controlfield><controlfield tag="006">m        d        </controlfield><controlfield tag="007">cr bn ---auaua</controlfield><controlfield tag="008">060512s14uu    |||           000 0 ara  </controlfield><datafield tag="035" ind1=" " ind2=" "><subfield code="a">(MiU)005220672</subfield></datafield><datafield tag="035" ind1=" " ind2=" "><subfield code="a">sdr-miu005220672</subfield></datafield><datafield tag="035" ind1=" " ind2=" "><subfield code="a">(OCoLC)123074329</subfield></datafield><datafield tag="035" ind1=" " ind2=" "><subfield code="a">(RLIN)MIUG06-B1772</subfield></datafield><datafield tag="040" ind1=" " ind2=" "><subfield code="a">MiU</subfield><subfield code="c">MiU</subfield></datafield><datafield tag="100" ind1="1" ind2=" "><subfield code="6">880-01</subfield><subfield code="a">Maqdisī, Muḥammad ibn ʻAbd al-Wāḥid,</subfield><subfield code="d">1174-1245.</subfield></datafield><datafield tag="240" ind1="1" ind2="0"><subfield code="6">880-02</subfield><subfield code="a">Ṭibb al-nabawī</subfield></datafield><datafield tag="245" ind1="1" ind2="3"><subfield code="6">880-03</subfield><subfield code="a">al-Asmāʼ al-ḥusná mustakhrajah min al-Qurʼān al-ʻaẓīm wa-Kitāb al-Ṭibb al-nabawī,</subfield><subfield code="f">[15th century?].</subfield></datafield><datafield tag="260" ind1=" " ind2=" "><subfield code="c">[14--?]</subfield></datafield><datafield tag="300" ind1=" " ind2=" "><subfield code="a">80 leaves :</subfield><subfield code="b">paper ;</subfield><subfield code="c">20 cm.</subfield></datafield><datafield tag="500" ind1=" " ind2=" "><subfield code="a">Shelfmark: Ann Arbor, University of Michigan, Special Collections Library, Isl. Ms. 247</subfield></datafield><datafield tag="500" ind1=" " ind2=" "><subfield code="a">Origin: Lacks dated colophon but cover, paper and hand suggest roughly 15th century.</subfield></datafield><datafield tag="500" ind1=" " ind2=" "><subfield code="a">Binding: Heavy pasteboards covered in dark brown leather ; Type II binding (with flap) ; doublures in orange paint with geometric stamped pattern in blue and red ; doublure hinges in shell marbled paper in pink and blue ; upper and lower covers carry large incised and gold-painted scalloped mandorla (filled with floral design or geometric design) with pendants in the form of three sepaled calyxes, corner pieces and elaborate tooled border ; likely 15th century (compare Chester Beatty MS 3571 in Bosch, Carswell, &amp; Petherbridge, no. 67 p.184) ; sewn in black (or very dark blue) thread, two sewing stations ; in fair condition with some minor abrasion and severe negative draw (warping) of both upper and lower cover as well as envelope flap.</subfield></datafield><datafield tag="500" ind1=" " ind2=" "><subfield code="a">Support: non-European (likely Arab) laid paper with chain lines in groups of three, roughly 9-10 mm. between the chain lines and 58-60 mm. between the groups (see p.42 etc.) ; laid lines spaced roughly 20 laid lines in 20-21 mm. ; sturdy, burnished, with many inclusions and whole fibers visible within sheet ; front flyleaf in European laid paper with anchor (in circle with trefoil above) watermark (likely 16th or early 17th century, compare Heawood 1 and 2).</subfield></datafield><datafield tag="500" ind1=" " ind2=" "><subfield code="a">Decoration: Illuminated titlepiece on fol.1a (p.3) in gold and blue consisting of two rectangular panels (bearing title in white with gold outline on field of blue) separated by a medallion filled with floral design ; accents consisting of gold flowers on fields of blue fill the remainder of the piece, with borders of black dashes on white bands ; ansae in the form of roundels accompany the rectangular panels and a semi circular piece sets off the medallion ; on fol.1b (p.4) illuminated rectangular panel carries opening following the basmalah ; textual dividers in the form of gold rosettes with blue accents ; throughout, written area bordered in frame consisting of gold band outlined by black fillets with outermost blue fillet ; text partly chrysographed with headings, keywords, etc. in gold and partly rubricated with keywords in red ; other keywords and headings appear in blue.</subfield></datafield><datafield tag="500" ind1=" " ind2=" "><subfield code="a">Script: Naskh ; fine Mamlūk Syrian or Egyptian hand ; bold and stiff ; sans serif ; the lām alif al-warrāqīyah preferred ; mainly open counters ; fully vocalized ; some headings in script approaching muḥaqqaq, seriffed.</subfield></datafield><datafield tag="500" ind1=" " ind2=" "><subfield code="a">Layout: Written in 5 lines per page ; frame-ruled.</subfield></datafield><datafield tag="500" ind1=" " ind2=" "><subfield code="a">Collation: i, III+2 (8), 6 V (68), V+2 (80) ; chiefly quinions ; middle of the quire marks in the form of al-khamsah al-ghubīrīyah appearing on the upper part of the left-hand leaf ; catchwords present ; pagination in pencil (supplied during digitization, numbers flyleaves).</subfield></datafield><datafield tag="500" ind1=" " ind2=" "><subfield code="a">Explicit: [1] فهذه الاسما هي التي استخرجها سفيان وغيره من القرآن العظيم لكنها اذا عدت كانت ماية اسم غير اني وجدت منها اسما واحدا مكررا وهو خبير ذكر مرة في آل عمران ومرة في الانعام فلهذا كانت ماية تمت اسماء الله الحسنى. [2] كذا رواه النسائي والاحاديث المذكورة كلها من صحيح مسلم والبخاري تم الكتاب المبارك والحمد لله وحده وحسبنا الله ونعم الوكيل.</subfield></datafield><datafield tag="500" ind1=" " ind2=" "><subfield code="a">Incipit: [1] قال الله تبارك وتعالى ولله الاسماء الحسنى فادعوه بها ... [2] قال الشيخ الامام العالم الحافظ ضيا الدين ابو عبد الله محمد بن احمد بن عبد الواحد ابن احمد بن عبد الرحمن المقدسي ... الحمد لله حمدا يوافي نعمه ويكافي مزيده ... اما بعد فان بعض اخواني سألني مرة بعد اخرى ان اجمع كتابا في الطب مما صح عن النبي صلى الله عليه وسلم وما روى من ذلك في الكتب المشهورة فاجبته الى مسألته ورايت ان ابتدئ باحاديث الكفارات وان الامراض لرفع الدرجات ومحو السيئات ذكر خيرة الله تعالى للعبد فيما ابتداه اخبرنا ..."</subfield></datafield><datafield tag="500" ind1=" " ind2=" "><subfield code="a">Title from titlepiece on fol.1a (p.3).</subfield></datafield><datafield tag="500" ind1=" " ind2=" "><subfield code="a">Ms. codex.</subfield></datafield><datafield tag="505" ind1="0" ind2=" "><subfield code="a">3. fol.80a-80b : [blank].</subfield></datafield><datafield tag="505" ind1="0" ind2=" "><subfield code="a">2. fol.13a-fol.79b : Kitāb al-Ṭibb al-nabawī / Ḍiyāʼ al-Dīn Muḥammad ibn Aḥmad ibn ʻAbd al-Wāḥid al-Maqdisī.</subfield></datafield><datafield tag="505" ind1="0" ind2=" "><subfield code="a">1. fol.1a-13a : al-Asmāʼ al-ḥusná mustakhrajah min al-Qurʼān al-ʻaẓīm.</subfield></datafield><datafield tag="510" ind1="4" ind2=" "><subfield code="a">Bosch, Carswell, &amp; Petherbridge. Islamic Bindings and Bookmaking (1981),</subfield><subfield code="c">p.184, no. 67</subfield></datafield><datafield tag="510" ind1="4" ind2=" "><subfield code="a">Perho, Irmeli. The Prophet's Medicine: A Creation of the Muslim Traditionalist Scholars. Studia Orientalia 74 (Helsinki: The Finnish Oriental Society, 1995),</subfield><subfield code="c">p.55</subfield></datafield><datafield tag="510" ind1="4" ind2=" "><subfield code="a">Brockelmann, C. GAL,</subfield><subfield code="c">I 399</subfield></datafield><datafield tag="520" ind1=" " ind2=" "><subfield code="a">A work on prophetic medicine (or the Prophet's medicine) by al-Maqdisī (d.1245) preceded by a short treatise of uncertain authorship on the beautiful names of God.</subfield></datafield><datafield tag="538" ind1=" " ind2=" "><subfield code="a">Mode of access: Internet.</subfield></datafield><datafield tag="541" ind1=" " ind2=" "><subfield code="c">Purchase ;</subfield><subfield code="a">Acquired by purchase (funds donated by Horace Rackham).</subfield><subfield code="d">1924.</subfield></datafield><datafield tag="546" ind1=" " ind2=" "><subfield code="a">Arabic.</subfield></datafield><datafield tag="561" ind1=" " ind2=" "><subfield code="a">Several owners' marks on recto of front flyleaf including ownership statement in name of one ʻAbd al-Raḥmān "من كتب الفقير عبد الرحمن غفر له", ownership statement dated 22 Rajab [?] 1250 [?] [ca. 24 November 1834] in name of Mīr Ḥasan ibn Khalīl Bāshā (Mir Hasan b. Halil Paşa) "استصحبه الفقير مير حسن بن خليل باشا غفر لهما" accompanied by large oval seal impression (likely dated 1201 [1786 or 7] with inscription "فتبارك الله حسن الخالقين ٢٠١" ; also on recto of front flyleaf, inscription in pencil "233 T. De M. [i.e. Tammaro De Marinis]" and additional inscription in pencil "قد عرفت [؟] منزلي لشيخ علي الجيهاني وتفقنا [كذا] على حضوركم باكر وهو يحضركم معه...".</subfield></datafield><datafield tag="600" ind1="0" ind2="0"><subfield code="a">Muḥammad,</subfield><subfield code="c">Prophet,</subfield><subfield code="d">-632</subfield><subfield code="x">Knowledge</subfield><subfield code="x">Medicine</subfield><subfield code="v">Early works to 1800.</subfield></datafield><datafield tag="650" ind1=" " ind2="0"><subfield code="a">Manuscripts, Arabic</subfield><subfield code="z">Michigan</subfield><subfield code="z">Ann Arbor.</subfield></datafield><datafield tag="650" ind1=" " ind2="0"><subfield code="a">Medicine, Arab.</subfield></datafield><datafield tag="650" ind1=" " ind2="0"><subfield code="a">Medicine</subfield><subfield code="x">Religious aspects</subfield><subfield code="x">Islam</subfield><subfield code="v">Early works to 1800.</subfield></datafield><datafield tag="650" ind1=" " ind2="0"><subfield code="a">God (Islam)</subfield><subfield code="x">Name</subfield><subfield code="v">Early works to 1800.</subfield></datafield><datafield tag="700" ind1="0" ind2=" "><subfield code="a">Abdülhamid</subfield><subfield code="b">II,</subfield><subfield code="c">Sultan of the Turks,</subfield><subfield code="d">1842-1918,</subfield><subfield code="e">former owner.</subfield></datafield><datafield tag="740" ind1="0" ind2="2"><subfield code="6">880-04</subfield><subfield code="a">Kitāb al-Ṭibb al-nabawī</subfield></datafield><datafield tag="773" ind1="0" ind2=" "><subfield code="a">Abdul Hamid Collection.</subfield></datafield><datafield tag="880" ind1="0" ind2="2"><subfield code="6">740-04/</subfield><subfield code="a">كتاب الطب النبوي</subfield></datafield><datafield tag="880" ind1="1" ind2="2"><subfield code="6">245-03/</subfield><subfield code="a">الاسماء الحسنى مستخرجة من القرآن العظيم وكتاب الطب النبوي,</subfield><subfield code="f">[القرن 15م؟].</subfield></datafield><datafield tag="880" ind1="1" ind2="0"><subfield code="6">240-02/</subfield><subfield code="a">طب النبوي</subfield></datafield><datafield tag="880" ind1="1" ind2=" "><subfield code="6">100-01/</subfield><subfield code="a">مقدسي, محمد بن عبد الواحد.</subfield></datafield><datafield tag="CID" ind1=" " ind2=" "><subfield code="a">005220672</subfield></datafield><datafield tag="DAT" ind1="0" ind2=" "><subfield code="a">20190719102633.0</subfield><subfield code="b">20190719000000.0</subfield></datafield><datafield tag="DAT" ind1="1" ind2=" "><subfield code="a">20190719090653.0</subfield><subfield code="b">2019-07-19T16:11:06Z</subfield></datafield><datafield tag="DAT" ind1="2" ind2=" "><subfield code="a">2015-10-02T18:00:03Z</subfield></datafield><datafield tag="CAT" ind1=" " ind2=" "><subfield code="a">SDR-MIU</subfield><subfield code="d">EX LIBRIS - ALEPH</subfield><subfield code="l">prepare.pl-004-008</subfield></datafield><datafield tag="FMT" ind1=" " ind2=" "><subfield code="a">BK</subfield></datafield><datafield tag="HOL" ind1=" " ind2=" "><subfield code="0">sdr-miu005220672</subfield><subfield code="a">MiU</subfield><subfield code="b">SDR</subfield><subfield code="c">MIU</subfield><subfield code="p">mdp.39015079132752</subfield><subfield code="s">MIU</subfield><subfield code="1">005220672</subfield></datafield><datafield tag="974" ind1=" " ind2=" "><subfield code="b">MIU</subfield><subfield code="c">MIU</subfield><subfield code="d">20190719</subfield><subfield code="s">lit-dlps-dc</subfield><subfield code="u">mdp.39015079132752</subfield><subfield code="y">1499</subfield><subfield code="r">pd</subfield><subfield code="q">bib</subfield><subfield code="t">non-US bib date1 &lt; 1879</subfield></datafield></record></collection>